<collection xmlns="http://www.loc.gov/MARC21/slim">
<record>
  <leader>02566nam0a2200385 i 450 </leader>
  <controlfield tag="001">IT\ICCU\CNCE\016603</controlfield>
  <controlfield tag="005">20030919000000.0</controlfield>
  <datafield tag="012" ind1=" " ind2=" ">
    <subfield code="a">a-a- 6.5. niar *I15 (3) 1571 (R)</subfield>
    <subfield code="2">fei</subfield>
  </datafield>
  <datafield tag="100" ind1=" " ind2=" ">
    <subfield code="a">19970101d1571        0itac0103    ba</subfield>
  </datafield>
  <datafield tag="101" ind1=" " ind2=" ">
    <subfield code="a">LAT</subfield>
  </datafield>
  <datafield tag="102" ind1=" " ind2=" ">
    <subfield code="a">IT</subfield>
  </datafield>
  <datafield tag="200" ind1="1" ind2=" ">
    <subfield code="a">Consiliorum siue mauis responsorum clariss. iurisconsulti, equitisque, ac primarii Montisferrati senatoris, domini Rolandi a Valle, patritii Casalensis, tomus primus. Summa diligentia, &amp; studio nuper correctus. Argumentis insuper singulis consilijs, pro maiori dilucidatione, praepositis. Summarijs item, &amp; numeris aptius distinctis, &amp; moderatis. Nec non indice rerum, et verborum, quae memoria digna sunt, ad communem iuris studiosorum vtilitatem nouissime locupletatus</subfield>
  </datafield>
  <datafield tag="210" ind1=" " ind2=" ">
    <subfield code="a">Venetiis</subfield>
    <subfield code="c">apud Franciscum de Portonarijs</subfield>
    <subfield code="d">1571</subfield>
    <subfield code="e">Venetiis</subfield>
    <subfield code="g">apud Franciscum de Portonarijs</subfield>
    <subfield code="h">1571</subfield>
  </datafield>
  <datafield tag="215" ind1=" " ind2=" ">
    <subfield code="a">\24!, 168 c.</subfield>
    <subfield code="d">fol</subfield>
  </datafield>
  <datafield tag="620" ind1=" " ind2=" ">
    <subfield code="a">IT</subfield>
    <subfield code="d">Venezia</subfield>
  </datafield>
  <datafield tag="700" ind1=" " ind2="1">
    <subfield code="a">Della_Valle,</subfield>
    <subfield code="b">Rolando</subfield>
    <subfield code="3">IT\ICCU\CNCA\004729</subfield>
  </datafield>
  <datafield tag="712" ind1="0" ind2="0">
    <subfield code="a">Portonari, Francesco</subfield>
    <subfield code="3">IT\ICCU\CNCT\000772</subfield>
    <subfield code="4">650</subfield>
  </datafield>
  <datafield tag="790" ind1=" " ind2="1">
    <subfield code="a">Valle,</subfield>
    <subfield code="b">Rolandus : a</subfield>
    <subfield code="3">IT\ICCU\CNCA\013411</subfield>
    <subfield code="z">Della_Valle, Rolando</subfield>
  </datafield>
  <datafield tag="790" ind1=" " ind2="0">
    <subfield code="a">Rolandus</subfield>
    <subfield code="c"> : a#Valle</subfield>
    <subfield code="3">IT\ICCU\CNCA\028442</subfield>
    <subfield code="z">Della_Valle, Rolando</subfield>
  </datafield>
  <datafield tag="791" ind1="0" ind2="0">
    <subfield code="a">Portinari, Francesco</subfield>
    <subfield code="3">IT\ICCU\CNCT\002534</subfield>
    <subfield code="z">Portonari, Francesco</subfield>
  </datafield>
  <datafield tag="791" ind1="0" ind2="0">
    <subfield code="a">Portonaris, Francesco</subfield>
    <subfield code="3">IT\ICCU\CNCT\005489</subfield>
    <subfield code="z">Portonari, Francesco</subfield>
  </datafield>
  <datafield tag="791" ind1="0" ind2="2">
    <subfield code="a">Francesco da Trino</subfield>
    <subfield code="3">IT\ICCU\CNCT\005490</subfield>
    <subfield code="z">Portonari, Francesco</subfield>
  </datafield>
  <datafield tag="791" ind1="0" ind2="0">
    <subfield code="a">Portonariis, Franciscus de</subfield>
    <subfield code="3">IT\ICCU\CNCT\005493</subfield>
    <subfield code="z">Portonari, Francesco</subfield>
  </datafield>
  <datafield tag="791" ind1="0" ind2="0">
    <subfield code="a">Portinarius, Franciscus</subfield>
    <subfield code="3">IT\ICCU\CNCT\005494</subfield>
    <subfield code="z">Portonari, Francesco</subfield>
  </datafield>
  <datafield tag="801" ind1=" " ind2="3">
    <subfield code="a">IT</subfield>
    <subfield code="b">ICCU</subfield>
    <subfield code="c">20201114</subfield>
  </datafield>
  <datafield tag="899" ind1=" " ind2=" ">
    <subfield code="a">Biblioteca comunale Raffaele  Liberatore. Lanciano</subfield>
    <subfield code="1">CH0053</subfield>
    <subfield code="2">ZCH 02</subfield>
  </datafield>
  <datafield tag="899" ind1=" " ind2=" ">
    <subfield code="a">Biblioteca del Seminario diocesano. Chieti</subfield>
    <subfield code="1">CH0144</subfield>
    <subfield code="2">ZCH 07</subfield>
  </datafield>
  <datafield tag="899" ind1=" " ind2=" ">
    <subfield code="a">Biblioteca del Seminario vescovile Santa Maria della Pace. Cremona</subfield>
    <subfield code="1">CR0061</subfield>
    <subfield code="2">PBE 48</subfield>
  </datafield>
  <datafield tag="899" ind1=" " ind2=" ">
    <subfield code="a">Biblioteca del Seminario vescovile. Forl</subfield>
    <subfield code="1">FC0021</subfield>
    <subfield code="2">ZFC 02</subfield>
  </datafield>
  <datafield tag="899" ind1=" " ind2=" ">
    <subfield code="a">Biblioteca civica del patrimonio degli studi. Cento</subfield>
    <subfield code="1">FE0004</subfield>
    <subfield code="2">UFE CN</subfield>
  </datafield>
  <datafield tag="899" ind1=" " ind2=" ">
    <subfield code="a">Biblioteca nazionale centrale. Firenze</subfield>
    <subfield code="1">FI0098</subfield>
    <subfield code="2">CFI CF</subfield>
  </datafield>
  <datafield tag="899" ind1=" " ind2=" ">
    <subfield code="a">Biblioteca di Giurisprudenza. Sede del Seminario per le scienze giuridiche e politiche dell&apos;Universit ̉di Pisa. Pisa</subfield>
    <subfield code="1">PI0188</subfield>
    <subfield code="2">ZPI 10</subfield>
  </datafield>
  <datafield tag="899" ind1=" " ind2=" ">
    <subfield code="a">Biblioteca Vallicelliana. Roma</subfield>
    <subfield code="1">RM0281</subfield>
    <subfield code="2">RML 08</subfield>
  </datafield>
  <datafield tag="911" ind1=" " ind2=" ">
    <subfield code="a">Sul front.</subfield>
    <subfield code="9">IT\ICCU\CNCM\000863</subfield>
  </datafield>
  <datafield tag="921" ind1=" " ind2=" ">
    <subfield code="a">IT\ICCU\CNCM\000863</subfield>
    <subfield code="b">Angelo tiene con una mano un tabernacolo, con l&apos;altra uno scudo con le iniziali FP. In cornice figurata</subfield>
    <subfield code="c">U13</subfield>
    <subfield code="d">Dimensioni: 6,7 x 9</subfield>
    <subfield code="f">ANGELO</subfield>
    <subfield code="f">FB</subfield>
    <subfield code="f">TABERNACOL</subfield>
    <subfield code="g">1559-1578</subfield>
  </datafield>
</record>
</collection>
